<record><leader>00000cas a2200000 a 4500</leader><controlfield tag="001">3535526</controlfield><controlfield tag="008">780106c19789999iluwr ne      0   a0eng c</controlfield><datafield ind1=" " ind2=" " tag="010"><subfield code="a">sc 85007178 </subfield><subfield code="z">sn 79007154 </subfield></datafield><datafield ind1=" " ind2=" " tag="040"><subfield code="a">NSD</subfield><subfield code="b">eng</subfield><subfield code="c">NSD</subfield><subfield code="d">HUL</subfield><subfield code="d">NST</subfield><subfield code="d">DLC</subfield><subfield code="d">NST</subfield><subfield code="d">NVF</subfield><subfield code="d">OCLCQ</subfield><subfield code="d">DLC</subfield><subfield code="d">CUS</subfield><subfield code="d">OCLCQ</subfield><subfield code="d">INU</subfield><subfield code="d">OCLCF</subfield><subfield code="d">NVF</subfield><subfield code="d">OCLCO</subfield></datafield><datafield ind1=" " ind2=" " tag="012"><subfield code="i">8407</subfield><subfield code="k">1</subfield><subfield code="l">1</subfield><subfield code="m">1</subfield></datafield><datafield ind1=" " ind2=" " tag="019"><subfield code="a">466385164</subfield></datafield><datafield ind1="1" ind2=" " tag="022"><subfield code="a">0149-6956</subfield><subfield code="l">0149-6956</subfield><subfield code="2">1</subfield></datafield><datafield ind1="1" ind2=" " tag="029"><subfield code="a">AU@</subfield><subfield code="b">000023166246</subfield></datafield><datafield ind1="1" ind2=" " tag="029"><subfield code="a">NZ1</subfield><subfield code="b">11697248</subfield></datafield><datafield ind1=" " ind2=" " tag="032"><subfield code="a">533590</subfield><subfield code="b">USPS</subfield></datafield><datafield ind1=" " ind2=" " tag="037"><subfield code="b">Crain's Chicago Business, 360 N. Michigan Ave., Chicago, IL 60601</subfield></datafield><datafield ind1=" " ind2=" " tag="042"><subfield code="a">nsdp</subfield><subfield code="a">pcc</subfield></datafield><datafield ind1=" " ind2=" " tag="043"><subfield code="a">n-us-il</subfield></datafield><datafield ind1=" " ind2="4" tag="050"><subfield code="a">HC107.I3</subfield><subfield code="b">C732</subfield></datafield><datafield ind1=" " ind2="4" tag="082"><subfield code="a">338.709773</subfield></datafield><datafield ind1=" " ind2="0" tag="222"><subfield code="a">Crain's Chicago business</subfield></datafield><datafield ind1="0" ind2="0" tag="245"><subfield code="a">Crain's Chicago business.</subfield></datafield><datafield ind1=" " ind2=" " tag="260"><subfield code="a">Chicago, Ill. :</subfield><subfield code="b">Crain Communications Inc.,</subfield><subfield code="c">1978-</subfield></datafield><datafield ind1=" " ind2=" " tag="300"><subfield code="a">v. :</subfield><subfield code="b">ill. ;</subfield><subfield code="c">38 cm.</subfield></datafield><datafield ind1=" " ind2=" " tag="310"><subfield code="a">Weekly</subfield></datafield><datafield ind1="0" ind2=" " tag="362"><subfield code="a">Vol. 1, no. 1 (June 5, 1978)-</subfield></datafield><datafield ind1=" " ind2=" " tag="580"><subfield code="a">Has annual special issue: Top business lists, -2001; Book of lists, 2002-</subfield></datafield><datafield ind1=" " ind2=" " tag="588"><subfield code="a">Latest issue consulted: Vol. 33, no. 52 (2010).</subfield></datafield><datafield ind1=" " ind2="0" tag="650"><subfield code="a">Business</subfield><subfield code="v">Newspapers.</subfield></datafield><datafield ind1=" " ind2="0" tag="651"><subfield code="a">Chicago (Ill.)</subfield><subfield code="v">Newspapers.</subfield></datafield><datafield ind1=" " ind2="7" tag="650"><subfield code="a">Business.</subfield><subfield code="2">fast</subfield><subfield code="0">(OCoLC)fst00842262</subfield></datafield><datafield ind1=" " ind2="7" tag="651"><subfield code="a">Illinois</subfield><subfield code="z">Chicago.</subfield><subfield code="2">fast</subfield><subfield code="0">(OCoLC)fst01204048</subfield></datafield><datafield ind1=" " ind2="7" tag="655"><subfield code="a">Newspapers.</subfield><subfield code="2">fast</subfield><subfield code="0">(OCoLC)fst01423814</subfield></datafield><datafield ind1="2" ind2=" " tag="710"><subfield code="a">Crain Communications Inc.</subfield></datafield><datafield ind1=" " ind2=" " tag="752"><subfield code="a">United States</subfield><subfield code="b">Illinois</subfield><subfield code="c">Cook</subfield><subfield code="d">Chicago.</subfield></datafield><datafield ind1="1" ind2=" " tag="770"><subfield code="t">Top business lists (Chicago, Ill.)</subfield><subfield code="g">-2001</subfield><subfield code="w">(DLC)  2011257045</subfield><subfield code="w">(OCoLC)21060814</subfield></datafield><datafield ind1="1" ind2=" " tag="770"><subfield code="t">Book of lists (Chicago, Ill.)</subfield><subfield code="g">2002-</subfield><subfield code="w">(DLC)  2011257046</subfield><subfield code="w">(OCoLC)48685495</subfield></datafield><datafield ind1="0" ind2="8" tag="776"><subfield code="i">Microfiche.</subfield><subfield code="t">Crain's Chicago business</subfield><subfield code="x">0149-6956</subfield><subfield code="w">(OCoLC)28998298</subfield></datafield><datafield ind1="0" ind2="8" tag="776"><subfield code="i">Microfilm.</subfield><subfield code="t">Crain's Chicago business</subfield><subfield code="x">0149-6956</subfield><subfield code="w">(DLC)sf 86091184</subfield><subfield code="w">(OCoLC)14087239</subfield></datafield><datafield ind1="0" ind2="8" tag="776"><subfield code="i">Microfilm.</subfield><subfield code="t">Crain's Chicago business,</subfield><subfield code="w">(OCoLC)25541250</subfield></datafield><datafield ind1="0" ind2="8" tag="776"><subfield code="i">Microfilm.</subfield><subfield code="t">Crain's Chicago business,</subfield><subfield code="w">(DLC)  2004206840</subfield><subfield code="w">(OCoLC)9022601</subfield></datafield><datafield ind1="0" ind2="8" tag="776"><subfield code="i">Online version:</subfield><subfield code="t">Crain's Chicago business (Online)</subfield><subfield code="x">1557-7902</subfield><subfield code="w">(DLC)  2005212410</subfield><subfield code="w">(OCoLC)42883889</subfield></datafield><datafield ind1=" " ind2=" " tag="850"><subfield code="a">ICIU</subfield><subfield code="a">InLP</subfield><subfield code="a">IU</subfield><subfield code="a">MH-BA</subfield><subfield code="a">NN</subfield></datafield><datafield ind1="4" ind2="1" tag="856"><subfield code="u">http://www.lexisnexis.com/us/lnacademic/api/version1/sf?shr=t&amp;sfi=AC00NBGenSrch&amp;csi=8099</subfield></datafield><datafield ind1="4" ind2="1" tag="856"><subfield code="u">http://search.ebscohost.com/login.aspx?direct=true&amp;db=bwh&amp;jid=CCH&amp;site=ehost-live</subfield></datafield></record>